<record><leader>00000cas a2200000 a 4500</leader><controlfield tag="001">28400118</controlfield><controlfield tag="008">930708d18991913caudr ne      0    0eng c</controlfield><datafield ind1=" " ind2=" " tag="010"><subfield code="a">sn 93051506 </subfield></datafield><datafield ind1=" " ind2=" " tag="040"><subfield code="a">CUY</subfield><subfield code="b">eng</subfield><subfield code="c">CNK</subfield><subfield code="d">OCLCQ</subfield><subfield code="d">CNK</subfield><subfield code="d">OCLCQ</subfield><subfield code="d">OCLCF</subfield><subfield code="d">OCLCO</subfield><subfield code="d">CUS</subfield></datafield><datafield ind1=" " ind2=" " tag="042"><subfield code="a">pcc</subfield></datafield><datafield ind1=" " ind2=" " tag="043"><subfield code="a">n-us-ca</subfield></datafield><datafield ind1=" " ind2="4" tag="050"><subfield code="a">AN</subfield></datafield><datafield ind1="0" ind2=" " tag="130"><subfield code="a">San Jose Mercury (San Jose, Calif. : 1899)</subfield></datafield><datafield ind1="1" ind2="0" tag="245"><subfield code="a">San Jose Mercury.</subfield></datafield><datafield ind1="3" ind2="0" tag="246"><subfield code="a">Sunday Mercury and herald</subfield></datafield><datafield ind1="3" ind2=" " tag="246"><subfield code="a">Mercury-herald</subfield></datafield><datafield ind1="3" ind2=" " tag="246"><subfield code="a">Mercury and herald</subfield></datafield><datafield ind1=" " ind2=" " tag="260"><subfield code="a">San Jose, Calif. :</subfield><subfield code="b">A. Holman</subfield></datafield><datafield ind1=" " ind2=" " tag="300"><subfield code="a">volumes</subfield></datafield><datafield ind1=" " ind2=" " tag="310"><subfield code="a">Daily</subfield></datafield><datafield ind1=" " ind2=" " tag="336"><subfield code="a">text</subfield><subfield code="b">txt</subfield><subfield code="2">rdacontent</subfield></datafield><datafield ind1=" " ind2=" " tag="337"><subfield code="a">unmediated</subfield><subfield code="b">n</subfield><subfield code="2">rdamedia</subfield></datafield><datafield ind1=" " ind2=" " tag="338"><subfield code="a">volume</subfield><subfield code="b">nc</subfield><subfield code="2">rdacarrier</subfield></datafield><datafield ind1="0" ind2=" " tag="362"><subfield code="a">Vol. 56, no. 134 (Nov. 11, 1899)-v. 85, no. 118 (Oct. 26, 1913).</subfield></datafield><datafield ind1=" " ind2=" " tag="500"><subfield code="a">On Sundays published as: Sunday Mercury and herald, Feb. 8, 1903-Oct. 26, 1913.</subfield></datafield><datafield ind1=" " ind2=" " tag="500"><subfield code="a">Published combined issues: Mercury-herald, Apr. 18, 1906, and: Mercury and herald, Apr. 19, 1906.</subfield></datafield><datafield ind1=" " ind2=" " tag="530"><subfield code="a">Master negatives are available for duplication from:</subfield><subfield code="b">California Newspaper Microfilm Archive;</subfield><subfield code="c">positive copies may be purchased by the reel; for further information consult the CNMA at:</subfield><subfield code="u">http://cbsr.ucr.edu</subfield></datafield><datafield ind1=" " ind2="0" tag="651"><subfield code="a">San Jose (Calif.)</subfield><subfield code="v">Newspapers.</subfield></datafield><datafield ind1=" " ind2="7" tag="651"><subfield code="a">California</subfield><subfield code="z">San Jose.</subfield><subfield code="2">fast</subfield><subfield code="0">(OCoLC)fst01206320</subfield></datafield><datafield ind1=" " ind2="7" tag="655"><subfield code="a">Newspapers.</subfield><subfield code="2">fast</subfield><subfield code="0">(OCoLC)fst01423814</subfield></datafield><datafield ind1=" " ind2=" " tag="752"><subfield code="a">United States</subfield><subfield code="b">California</subfield><subfield code="c">Santa Clara</subfield><subfield code="d">San Jose.</subfield></datafield><datafield ind1="0" ind2="0" tag="780"><subfield code="t">San Jose daily Mercury (San Jose, Calif. : 1885)</subfield><subfield code="w">(DLC)sn 93051505</subfield><subfield code="w">(OCoLC)28400002</subfield></datafield><datafield ind1="0" ind2="7" tag="785"><subfield code="t">San Jose herald (San Jose, Calif. : 1899)</subfield><subfield code="w">(DLC)sn 93051507</subfield><subfield code="w">(OCoLC)28400178</subfield></datafield><datafield ind1="0" ind2="7" tag="785"><subfield code="t">San Jose Mercury herald</subfield><subfield code="w">(DLC)sn 82014491</subfield><subfield code="w">(OCoLC)8786973</subfield></datafield><datafield ind1="4" ind2="1" tag="856"><subfield code="u">http://infoweb.newsbank.com/?db=EANX&amp;s_browseRef=decades/1126156B6E3010F0/all.xml</subfield></datafield><datafield ind1="1" ind2=" " tag="029"><subfield code="a">AU@</subfield><subfield code="b">000025893864</subfield></datafield></record>